
@inproceedings{baque_astrid_2013,
	address = {Paris, France},
	title = {{ASTRID} {In} {Service} {Inspection} and {Repair}: review of {R}\&{D} program and associated results},
	booktitle = {Proceedings of the {International} {Conference} on {Fast} {Reactors} and {Related} {Fuel} {Cycles}: {Safe} {Technologies} and {Sustainable} {Scenarios} ({FR}13)},
	publisher = {International Atomic Energy Agency (IAEA)},
	author = {Baqué, F. and Jadot, F. and Le Bourdais, Florian and Sibilo, J. and Augem, J. M. and Gastaldi, O.},
	month = mar,
	year = {2013},
	file = {FR13_Paper 337_ISI&R R&D prog_Baque et al CEA Francex.pdf:C\:\\Users\\FL232714\\Documents\\Zotero\\storage\\5MXZ7IUT\\FR13_Paper 337_ISI&R R&D prog_Baque et al CEA Francex.pdf:application/pdf}
}

@article{baronian_hybrid_2013,
	title = {Hybrid modal/{FE} simulation of guided waves inspections},
	volume = {1511},
	url = {http://link.aip.org/link/?APC/1511/191/1},
	doi = {10.1063/1.4789048},
	number = {1},
	journal = {AIP Conference Proceedings},
	author = {Baronian, V. and Jezzine, K. and Le Bourdais, Florian},
	editor = {Thompson, Donald O. and Chimenti, Dale E.},
	year = {2013},
	keywords = {finite element analysis, nondestructive testing, perturbation theory, steel, surface acoustic waves},
	pages = {191--198}
}

@inproceedings{kumar_under_2013,
	address = {Marseille, France},
	title = {Under {Sodium} {Imaging} of {SFR} {Internals} {Simulation} {Studies} in {Water}},
	booktitle = {Proceedings of the third international conference on {Advancements} in {Nuclear} {Instrumentation} {Measurement} {Methods} and their {Applications} ({ANIMMA} 2013)},
	author = {Kumar, A. and Sharma, G. K. and Rao, C. Babu and Rao, B. Purna Chandra and Jayakumar, T. and Gobillot, G. and Le Bourdais, Florian},
	month = jun,
	year = {2013}
}

@inproceedings{le_bourdais_design_2013,
	address = {Marseille, France},
	title = {Design of {Ultrasonic} {Inspection} {Methods} for {Sodium} {Cooled} {Reactors} by {CIVA} {Simulation}},
	booktitle = {Proceedings of the third international conference on {Advancements} in {Nuclear} {Instrumentation} {Measurement} {Methods} and their {Applications} ({ANIMMA} 2013)},
	author = {Le Bourdais, Florian and Baqué, F. and Baronian, V. and Reverdy, F.},
	month = jun,
	year = {2013}
}

@inproceedings{le_bourdais_design_2013-1,
	address = {Baltimore, USA},
	title = {Design of {EMAT} {Phased} {Arrays} for {SFR} {Inspection}},
	booktitle = {Proceedings of the 40th {Review} of {Progress} in {Quantitative} {NDE}},
	author = {Le Bourdais, Florian and Marchand, Benoit},
	month = jul,
	year = {2013},
	file = {Development of EMAT phased arrays for SFR inspection.pptx:C\:\\Users\\FL232714\\Documents\\Zotero\\storage\\FDNU7GXZ\\Development of EMAT phased arrays for SFR inspection.pptx:application/vnd.openxmlformats-officedocument.presentationml.presentation}
}

@inproceedings{le_bourdais_development_2013,
	address = {Baltimore, USA},
	title = {Development and {Application} of {Modeling} {Tools} for {SFR} {Inspection}},
	booktitle = {Proceedings of the 40th {Review} of {Progress} in {Quantitative} {NDE}},
	author = {Le Bourdais, Florian and Marchand, Benoit and Baronian, Vahan},
	month = jul,
	year = {2013}
}

@inproceedings{le_bourdais_experimental_2014,
	address = {Boise, USA},
	title = {Experimental {Validation} of an 8 {Element} {EMAT} {Phased} {Array} {Probe} for {Longitudinal} {Wave} {Generation}},
	author = {Le Bourdais, Florian and Marchand, Benoit},
	month = jul,
	year = {2014}
}

@inproceedings{elie_study_2015,
	address = {Lisbon, Portugal},
	title = {Study of guided wave transmission through complex junction in sodium cooled reactor},
	booktitle = {Proceedings of the 4th international conference on {Advancements} in {Nuclear} {Instrumentation} {Measurement} {Methods} and their {Applications} ({ANIMMA} 2015)},
	author = {Elie, Quentin and Le Bourdais, Florian and Jezzine, Karim and Baronian, Vahan},
	month = apr,
	year = {2015}
}

@inproceedings{le_bourdais_liquid_2015,
	address = {Lisbon, Portugal},
	title = {Liquid sodium testing of in-house phased array {EMAT} transducer for {L}-wave applications},
	booktitle = {Proceedings of the 4th international conference on {Advancements} in {Nuclear} {Instrumentation} {Measurement} {Methods} and their {Applications} ({ANIMMA} 2015)},
	author = {Le Bourdais, Florian and Le Pollès, Thierry and Baqué, François},
	month = apr,
	year = {2015}
}